@book{clarke2015science,
  title={The science of ice cream},
  author={Clarke, Chris},
  year={2015},
  publisher={Royal Society of Chemistry}
}

@article{bernish2019healing,
  title={The healing power of ice cream},
  author={Bernish, Brian},
  journal={JAAPA},
  volume={32},
  number={1},
  pages={1--2},
  year={2019},
  publisher={LWW}
}

